<record><leader>01442cam a2200361 a 4500</leader><controlfield tag="001">1385290</controlfield><controlfield tag="008">910626s1985    ctua     b      1 0 eng d</controlfield><datafield ind1=" " ind2=" " tag="010"><subfield code="a">   85007975 //r89</subfield></datafield><datafield ind1=" " ind2=" " tag="020"><subfield code="a">0313246378 (lib. bdg. : alk. paper)</subfield></datafield><datafield ind1=" " ind2=" " tag="035"><subfield code="a">ocm11970533</subfield></datafield><datafield ind1=" " ind2=" " tag="040"><subfield code="a">DLC</subfield><subfield code="b">eng</subfield><subfield code="c">DLC</subfield></datafield><datafield ind1=" " ind2=" " tag="043"><subfield code="a">e------</subfield><subfield code="a">n-us---</subfield></datafield><datafield ind1=" " ind2=" " tag="049"><subfield code="a">AEU</subfield><subfield code="b">eng</subfield></datafield><datafield ind1="0" ind2="0" tag="050"><subfield code="a">HD8375</subfield><subfield code="b">.L33 1985</subfield></datafield><datafield ind1="0" ind2=" " tag="082"><subfield code="a">331.12/7</subfield><subfield code="2">19</subfield></datafield><datafield ind1="0" ind2=" " tag="090"><subfield code="a">HD 8375 L123 1985</subfield></datafield><datafield ind1="0" ind2="0" tag="245"><subfield code="a">Labor migration in the Atlantic economies :</subfield><subfield code="b">the European and North American working classes during the period of industrialization /</subfield><subfield code="c">edited by Dirk Hoerder.</subfield></datafield><datafield ind1=" " ind2=" " tag="260"><subfield code="a">Westport, Conn. :</subfield><subfield code="b">Greenwood Press,</subfield><subfield code="c">1985.</subfield></datafield><datafield ind1=" " ind2=" " tag="300"><subfield code="a">xvi, 491 p. :</subfield><subfield code="b">ill. ;</subfield><subfield code="c">25 cm.</subfield></datafield><datafield ind1=" " ind2=" " tag="336"><subfield code="a">text</subfield><subfield code="b">txt</subfield><subfield code="2">rdacontent</subfield></datafield><datafield ind1=" " ind2=" " tag="337"><subfield code="a">unmediated</subfield><subfield code="b">n</subfield><subfield code="2">rdamedia</subfield></datafield><datafield ind1=" " ind2=" " tag="338"><subfield code="a">volume</subfield><subfield code="b">nc</subfield><subfield code="2">rdacarrier</subfield></datafield><datafield ind1="1" ind2=" " tag="490"><subfield code="a">Contributions in labor history.</subfield><subfield code="x">0146-3608 ;</subfield><subfield code="v">no. 16</subfield></datafield><datafield ind1=" " ind2=" " tag="500"><subfield code="a">Includes index.</subfield></datafield><datafield ind1=" " ind2=" " tag="504"><subfield code="a">Bibliography: p. [449]-465.</subfield></datafield><datafield ind1=" " ind2=" " tag="596"><subfield code="a">43</subfield></datafield><datafield ind1=" " ind2="0" tag="650"><subfield code="a">Working class</subfield><subfield code="z">Europe</subfield><subfield code="x">History</subfield><subfield code="y">19th century.</subfield></datafield><datafield ind1=" " ind2="0" tag="650"><subfield code="a">Migration, Internal</subfield><subfield code="z">Europe</subfield><subfield code="x">History</subfield><subfield code="y">19th century.</subfield></datafield><datafield ind1=" " ind2="0" tag="650"><subfield code="a">Foreign workers</subfield><subfield code="z">United States</subfield><subfield code="x">History</subfield><subfield code="y">19th century.</subfield></datafield><datafield ind1=" " ind2="0" tag="650"><subfield code="a">Working class</subfield><subfield code="z">United States</subfield><subfield code="x">History</subfield><subfield code="y">19th century.</subfield></datafield><datafield ind1="1" ind2=" " tag="700"><subfield code="a">Hoerder, Dirk.</subfield></datafield><datafield ind1=" " ind2="0" tag="830"><subfield code="a">Contributions in labor history ;</subfield><subfield code="v">16.</subfield></datafield><datafield ind1=" " ind2=" " tag="926"><subfield code="a">HD 8375 L123 1985</subfield><subfield code="w">LC</subfield><subfield code="c">1</subfield><subfield code="i">000037065174</subfield><subfield code="d">3/3/2007</subfield><subfield code="e">1/15/2007</subfield><subfield code="l">ON_SHELF</subfield><subfield code="m">UAHSS</subfield><subfield code="n">3</subfield><subfield code="p">$150.00</subfield><subfield code="r">Y</subfield><subfield code="s">Y</subfield><subfield code="t">BOOK</subfield><subfield code="u">7/12/1991</subfield></datafield></record>